@book{bostrom,
	author={Nick Bostrom},
	title={The Simulation Argument},
	subtitle={The Best Ideas of the 21st Century},
	edition={1},
	pagetotal={28-29},
	year={3rd quarter 2010},
	publisher={The Philosophers' Magazine},
	url={https://doi.org/10.5840/tpm20105041}
}

@ONLINE{dyson,

author = {Wikipedia},
title = {Dyson Sphere},
month = August,
year = {2022},
url = {https://en.wikipedia.org/wiki/Dyson_sphere}
}

@ONLINE{matrioska,

author = {Wikipedia},
title = {Matrioshka Brain},
month = August,
year = {2022},
url = {https://en.wikipedia.org/wiki/Matrioshka_brain}

}
@ONLINE{método,

author = {Wikipedia},
title = {Método Cartesiano},
month = August,
year = {2022},
url ={https://pt.wikipedia.org/wiki/Método_cartesiano}
}

@ONLINE{biografia,

author = {Wikipedia},
title = {René Descartes},
month = August,
year = {2022},
url ={https://pt.wikipedia.org/wiki/René_Descartes}
}

@book{gray,
	author={Robert H. Gray},
	title={The Extended Kardashev Scale},
	subtitle={The Best Ideas of the 21st Century},
	edition={1},
	pagetotal={5},
	year={2020 April 23},
	publisher={The American Astronomical Society},
	url={https://iopscience.iop.org/article/10.3847/1538-3881/ab792b/pdf}
}

@ONLINE{azeheb,

author = {iwazeheb},
title = {Entenda a refração da luz},
month = August,
year = {2022},
url ={https://azeheb.com.br/blog/entenda-a-refracao-da-luz/}
}